<?xml version="1.0" encoding="UTF-8"?>
<record xmlns="http://www.loc.gov/MARC21/slim" xmlns:xsi="http://www.w3.org/2001/XMLSchema-instance" xsi:schemaLocation="http://www.loc.gov/MARC21/slim http://www.loc.gov/standards/marcxml/schema/MARC21slim.xsd">
<leader>     cam a22003131i 4500</leader>
<controlfield tag="001">001677619</controlfield>
<controlfield tag="003">NNU</controlfield>
<controlfield tag="005">20001218200849.0</controlfield>
<controlfield tag="008">890918s1967    iq            001 0 arar</controlfield>
<datafield tag="010" ind1=" " ind2=" ">
<subfield code="a">77961275</subfield>
</datafield>
<datafield tag="035" ind1="9" ind2=" ">
<subfield code="a">NYUb12221002</subfield>
</datafield>
<datafield tag="035" ind1=" " ind2=" ">
<subfield code="a">(CStRLIN)NYPG89-B63769</subfield>
</datafield>
<datafield tag="040" ind1=" " ind2=" ">
<subfield code="c">MiU</subfield>
<subfield code="d">MiU</subfield>
<subfield code="d">NN</subfield>
</datafield>
<datafield tag="050" ind1="0" ind2=" ">
<subfield code="a">D17</subfield>
<subfield code="b">.M3 1967</subfield>
</datafield>
<datafield tag="100" ind1="0" ind2=" ">
<subfield code="a">Masʻūdī,</subfield>
<subfield code="d">d. 956?</subfield>
</datafield>
<datafield tag="245" ind1="1" ind2="3">
<subfield code="a">al-Tanbīh wa-al-ishrāf /</subfield>
<subfield code="c">li-Abī al-Ḥasan ʻAlī ibn al-Ḥusayn al-Masʻūdī ; ʻuniya bi-taṣḥiḥih wa-murājaʻatih ʻAbd Allāh Ismāʻi̲l al-Ṣāwī.</subfield>
</datafield>
<datafield tag="260" ind1=" " ind2=" ">
<subfield code="a">Baghdād :</subfield>
<subfield code="b">Makhtabat al-Muthanná</subfield>
<subfield code="c">[1967]</subfield>
</datafield>
<datafield tag="300" ind1=" " ind2=" ">
<subfield code="a">15, 423 p. ;</subfield>
<subfield code="c">24 cm.</subfield>
</datafield>
<datafield tag="490" ind1="1" ind2=" ">
<subfield code="a">al-Maktabah al-tārīkhīyah</subfield>
</datafield>
<datafield tag="500" ind1=" " ind2=" ">
<subfield code="a">In Arabic.</subfield>
</datafield>
<datafield tag="500" ind1=" " ind2=" ">
<subfield code="a">Reprint of the ed. published in Cairo, 1938.</subfield>
</datafield>
<datafield tag="500" ind1=" " ind2=" ">
<subfield code="a">Cover title.</subfield>
</datafield>
<datafield tag="650" ind1=" " ind2="0">
<subfield code="a">World history</subfield>
<subfield code="v">Early works to 1800.</subfield>
</datafield>
<datafield tag="651" ind1=" " ind2="0">
<subfield code="a">Islamic Empire</subfield>
<subfield code="x">History.</subfield>
</datafield>
<datafield tag="650" ind1=" " ind2="0">
<subfield code="a">Geography, Arab.</subfield>
</datafield>
<datafield tag="700" ind1="1" ind2=" ">
<subfield code="a">al-Ṣāwī, ʻAbd Allāh Ismāʼīl</subfield>
</datafield>
<datafield tag="830" ind1=" " ind2="0">
<subfield code="a">Maktabah al-tārīkhīyah.</subfield>
</datafield>
<datafield tag="OWN" ind1=" " ind2=" ">
<subfield code="a">GENERAL</subfield>
</datafield>
<datafield tag="950" ind1=" " ind2=" ">
<subfield code="l">BMAIN</subfield>
<subfield code="a">D17</subfield>
<subfield code="b">.N3 1967</subfield>
</datafield>
<datafield tag="955" ind1=" " ind2=" ">
<subfield code="l">BMAIN</subfield>
<subfield code="c">1</subfield>
<subfield code="r">001648792</subfield>
</datafield>
<datafield tag="998" ind1=" " ind2=" ">
<subfield code="s">9114</subfield>
</datafield>
<datafield tag="AVA" ind1=" " ind2=" ">
<subfield code="a">NYU50</subfield>
<subfield code="b">BOBST</subfield>
<subfield code="c">Main Collection</subfield>
<subfield code="d">D17 .M3 1967</subfield>
<subfield code="e">unavailable</subfield>
<subfield code="t">Unavailable</subfield>
<subfield code="f">1</subfield>
<subfield code="g">1</subfield>
<subfield code="h">N</subfield>
<subfield code="i">0</subfield>
<subfield code="j">MAIN</subfield>
<subfield code="k">0</subfield>
</datafield>
</record>
